@article{chenchuanbo2006rsa,
  title={RSA 算法应用及实现细节},
  author={陈传波 and 祝中涛},
  journal={计算机工程与科学},
  volume={28},
  number={9},
  pages={13--14},
  year={2006}
}